Automatically generated by Mendeley Desktop 1.13.6
Any changes to this file will be lost if it is regenerated by Mendeley.

BibTeX export options can be customized via Options -> BibTeX in Mendeley Desktop

@book{Hoeksem2011,
author = {Hoeksem, Key and Kuhn, Markus},
edition = {2.},
title = {{Unterricht mit Moodle 2}},
howpublished = {\url{Open Source Press}},
year = {2011}
}
@book{Blum2013,
author = {Blum, Norbert},
publisher = {Oldenburg Verlag M\"{u}nchen},
title = {{Algorithmen und Datenstrukturen}},
year = {2013}
}
@misc{moo15g,
author = {MoodleDocs},
title = {{Activities}},
howpublished = {\url{https://moodle.org/plugins/browse.php?list=category\&id=1}},
note = {Aufgerufen am: 2015-03-12},
year = {2015}
}
@book{Gertrsch2007,
author = {Gertrsch, Fredi},
publisher = {Addison-Wesely Verlag},
title = {{Das Moodle 1.8 Praxisbuch}},
year = {2007}
}
@book{Ruedel2010,
author = {Ruedel, Cornelia},
publisher = {Waxmann Verlag GmbH},
title = {{E-Assessment}},
year = {2010}
}
@article{Laumer2009,
author = {Laumer, Sven and Stetten, Alexander and Eckhardt, Andreas},
doi = {10.1007/s12599-009-0051-6},
file = {:C$\backslash$:/Users/David/Downloads/a.pdf:pdf},
issn = {1867-0202},
journal = {Business \& Information Systems Engineering},
number = {2004},
pages = {263--265},
title = {{E-Assessment}},
volume = {1},
year = {2009}
}
@misc{moo15a,
author = {MoodleDocs},
title = {{Was ist Moodle}},
howpublished = {\url{https://docs.moodle.org/28/de/Was\_ist\_Moodle}},
note = {Aufgerufen am: 2015-02-26},
year = {2015}
}
@article{Kuchen2010,
author = {Kuchen, Herbert and Gruttmann, Susanne},
journal = {Zeitschrift f\"{u}r e-lerning},
pages = {23--35},
title = {{Computerunterst\"{u}tzter \"{U}bungsbetrieb im Informatikstudium}},
volume = {1},
year = {2010}
}
@book{Schulmeister2005,
author = {Schulmeister, Rolf},
edition = {2.},
publisher = {Oldenburg Verlag M\"{u}nchen Wien},
title = {{Lernplattformen f\"{u}r das virtuelle Lernen}},
year = {2005}
}
@article{Prof,
author = {Prof, Udo Konradt and Sarges, Werner},
file = {:C$\backslash$:/Users/David/Downloads/4454e520-582f-4990-81dc-bdd1ce1bef17.pdf:pdf},
isbn = {380171652X},
title = {{E-Recruitment und E-Assessment}}
}
@article{Kortemeyer2010,
author = {Kortemeyer, Gerd and Peter, Riegler;},
journal = {Zeitschrift f\"{u}r e-lerning},
pages = {8--22},
title = {{Large-Scale E-Assessments, Pr\"{u}fungsvor- und Nachbearbeitung}},
volume = {1},
year = {2010}
}
@book{Hutchison,
author = {Hutchison, David and Mitchell, John C},
booktitle = {Imp004},
file = {:C$\backslash$:/Users/David/Downloads/download.springer.com\_static\_pdf\_812\_bok\%253A978-3-540-32028-9.pdf\_auth66=1424966979\_55537fbb475a773a6ecff0a4d6546ea9\&ext=.pdf:pdf},
isbn = {9783642215148},
title = {{Lecture Notes in Computer Science}}
}
@book{Brahm2007,
author = {Brahm, Taiga and Seufert, Sabine},
booktitle = {" Ne (x) t Generation Learning": E-Assessment und E-Portfolio: halten sie, was sie versprechen?},
file = {:C$\backslash$:/Users/David/Downloads/2007-03-brahm-seufert-next-generation-learning.pdf:pdf},
isbn = {3906528529},
pages = {91},
title = {{E-Assessment und E-Portfolio zur Kompetenzentwicklung: neue Potenziale f\"{u}r Ne (x) t Generation Learning}},
year = {2007}
}
@misc{Moo14e,
author = {MoodleDocs},
title = {{Local plugins}},
howpublished = {\url{https://docs.moodle.org/dev/Local\_plugins}},
note = {Aufgerufen am: 2015-03-11},
year = {2015}
}
@article{Bloh2006,
abstract = {Definition E-Assessment Spektrum der auf den neuen (elektronischen) IKT basierenden Verfahren derlehrzielbezogenen Bestimmung, Beurteilung,Bewertung, Dokumentation und R\"{u}ckmeldung der jeweiligen Lernvoraussetzungen, des aktuellenLernstandes oder der erreichten Lernergebnisse/-leistungen vor, w\"{a}hrend („Assessment f\"{u}r das Lernen“) oder nach Abschluss („Assessment des Lernens“) einer spezifischen Lehr-Lernperiode.},
author = {Bloh, E.},
file = {:C$\backslash$:/Users/David/Downloads/methform\_bloh\_olassws06.pdf:pdf},
journal = {Unver\"{o}ffentlichtes Manuskript},
title = {{Methodische Formen des E-/Online-Assessment}},
year = {2006}
}
@article{Cook2010,
author = {Cook, Julian and Jenkins, Vic},
file = {:C$\backslash$:/Users/David/Downloads/Getting\_started\_with\_e-assessment\_14Jan2010.pdf:pdf},
journal = {University of Bath},
title = {{Getting started with e-assessment}},
year = {2010}
}
@misc{moodleJsApi,
author = {MoodleDocs},
title = {{JavaScript usage guide}},
howpublished = {\url{https://docs.moodle.org/dev/JavaScript\_usage\_guide}},
note = {Aufgerufen am: 2015-03-06},
year = {2015}
}
@book{Saake2014,
author = {Saake, Gunter and Sattler, Kai-Uwe},
edition = {5},
publisher = {dpunkt.verlag},
title = {{Algorithmen und Datenstrukturen}},
year = {2014}
}
@misc{Moo14f,
author = {MoodleDocs},
title = {{Moodle architecture}},
howpublished = {\url{https://docs.moodle.org/dev/Moodle\_architecture}},
note = {Aufgerufen am: 2015-03-09},
year = {2015}
}
@book{Scheb2009,
author = {Scheb, Christoph and Hilgenstock, Ralf},
publisher = {DIALOGE Verlag},
title = {moodle einf\"{u}hren},
year = {2009}
}
@misc{wildflyCert,
author = {Greene, Jason},
title = {{WildFly News}},
howpublished = {\url{http://wildfly.org/news/2014/02/11/WildFly8-Final-Released/}},
note = {Aufgerufen am: 2015-02-28}
}
@misc{moo15b,
author = {MoodleDocs},
title = {{Activity Modules}},
howpublished = {\url{https://docs.moodle.org/dev/Activity\_modules}},
note = {Aufgerufen am: 2015-03-04},
year = {2015}
}
@misc{moo15d,
author = {MoodleDocs},
title = {{About Moodle}},
howpublished = {\url{https://docs.moodle.org/28/en/About_Moodle}},
note = {Aufgerufen am: 2015-03-04},
year = {2015}
}
@misc{moo15c,
author = {MoodleDocs},
title = {{NEWMODULE Documentation}},
howpublished = {\url{https://docs.moodle.org/dev/NEWMODULE\_Documentation\#lib.php}},
note = {Aufgerufen am: 2015-03-04},
year = {2015}
}
@article{Maier2010,
abstract = {Traditionelle, auf Notengebung und Selektion fokussierte Verfahren der schulischen Leistungsmessung stehen aufgrund ihrer negativen Effekte auf Sch\{\"{u}\}lermotivation und$\backslash$nLehr-Lernprozesse zunehmend in der Kritik. In der deutschsprachigen, erziehungswissenschaftlichen Literatur werden aus diesem Grund vor allem alternative Formen der Leistungsmessung und -beurteilung, wie z. B. Portfolios oder Lerntageb\{\"{u}\}cher diskutiert. In der internationalen Literatur findet man hingegen eine wesentlich breitere und st\{\"{a}\}rker empirisch orientierte Diskussion \{\"{u}\}ber verschiedenste Verfahren der Leistungsmessung mit dem Ziel der Optimierung von Lehr-Lernprozessen$\backslash$n(formative assessment). In diesem theoretischen Beitrag soll der Frage nachgegangen$\backslash$nwerden, inwiefern eine st\{\"{a}\}rkere Rezeption der Literatur zu formative assessment der deutschsprachigen Diskussion \{\"{u}\}ber eine Reform der Leistungsmessung neue Impulse geben k\{\"{o}\}nnte.},
author = {Maier, Uwe},
doi = {10.1007/s11618-010-0124-9},
file = {:C$\backslash$:/Users/David/Downloads/art\%3A10.1007\%2Fs11618-010-0124-9.pdf:pdf},
issn = {1434663X},
journal = {Zeitschrift fur Erziehungswissenschaft},
keywords = {Academic student assessment,Alternative assessment,Formative classroom assessment,Portfolio assessment,Student diagnostic,Student performance},
pages = {293--308},
title = {{Formative Assessment - Ein erfolgversprechendes Konzept zur Reform von Unterricht und Leistungsmessung?}},
volume = {13},
year = {2010}
}
@misc{hei15,
author = {Seetzen, Robert},
title = {{Die freie Lernplattform Moodle}},
howpublished = {\url{http://www.heise.de/open/artikel/Die-freie-Lernplattform-Moodle-938222.html}},
note = {Aufgerufen am: 2015-02-26}
}
@misc{Moo14b,
author = {MoodleDocs},
title = {{Course formats}},
howpublished = {\url{https://docs.moodle.org/dev/Course\_formats}},
note = {Aufgerufen am: 2015-05-12},
year = {2015}
}
@misc{moodleRenderer,
author = {MoodleDocs},
title = {{Output renderers}},
howpublished = {\url{https://docs.moodle.org/dev/Output\_renderers}},
note = {Aufgerufen am: 2015-03-06},
year = {2015}
}
@article{Usener2014,
author = {Usener, Claus A},
file = {:C$\backslash$:/Users/David/Downloads/sig-alternate.pdf:pdf},
keywords = {Computer and Information Science Education,assessment,automatic assessment,binary trees,computer science education,data,e-,immediate feedback,information systems education,online learning,self-assessment,structures and algorithms,visual algorithm simulation},
title = {{EASy-DSBuilder : Automated Assessment of Tree Data Structures in Computer Science Teaching}},
year = {2014}
}
