@misc{DiffUccCommon,
  title = {Difference Between UCC and Common law},
  author  = {S Prabhat},
  url   = {http://www.differencebetween.net/miscellaneous/politics/difference-between-ucc-and-common-law/},
  note  = {Abrufdatum : 2014-12-28},
  key = 10
 }

@misc{juraforum,
  title = {Erklärung zum Begriff Common Law},
  url   = {http://www.juraforum.de/lexikon/common-law},
  note  = {Abrufdatum: 2015-01-03},
  key = 20
 }
 
@misc{IEexploit,
  title   = {Microsoft: Im Internet Explorer ist eine ungepatchte Lücke},
  author  = {Golem.de},
  url     = {http://www.golem.de/news/microsoft-im-internet-explorer-ist-eine-ungepatchte-luecke-1412-111036.html},
  note    = {Abrufdatum: 2014-12-09}
  }
}

@misc{lawprofessor,
  title   = {Computer Software: Does Article 2 of the Uniform Commercial Code Apply?},
  author  = {Professor Andrew Beckerman-Rodau},
  url     = {http://www.lawprofessor.org/publications/articles.html&articlename=emory},
  note    = {Abrufdatum: 2015-01-03}
  }
}

@misc{FREv,
  title   = {Federal Rules of Evidence: Article VII. Opinions and Expert Testimony},
  url     = {http://www.lawprofessor.org/publications/articles.html&articlename=emory},
  note    = {Abrufdatum: 2015-01-03}
  }
}

@misc{ucc,
title = {{Uniform Commercial Code}},
url = {http://www.law.cornell.edu/ucc}
 note    = {Abrufdatum: 2014-12-17}
}

@misc{IHKRegionStuttgart2014,
author = {{IHK Region Stuttgart}},
title = {{Rechtsinformationen zu einzelnen Ländern - USA: Produkthaftung}},
url = {http://www.stuttgart.ihk24.de/international/Internationales\_Wirtschaftsrecht/Rechtsinformationen\_zu\_einzelnen\_Laendern/967620/Produkthaftung\_USA.html},
note    = {Abrufdatum: 2014-12-25}
}

@misc{Schneier2002,
author = {Schneier, Bruce},
title = {{Should Vendors be Liable for Their Software's Security Flaws?}},
url = {https://www.schneier.com/essays/archives/2002/04/should\_vendors\_be\_li.html},
note    = {Abrufdatum: 2014-12-13}
}

@misc{norton,
author = {Norton Security},
title = {{Angebote}},
url = {http://buy-static.norton.com/norton/ps/bb/2up_ns_nsbu_de_de_largo_notw_brnf.html?om_sem_cid=hho_sem_sy:de:ggl:de:e|kw0000001837|52262534537|c&country=DE},
note    = {Abrufdatum: 2015-01-05}
}

